<?xml version="1.0" encoding="UTF-8"?><record xmlns="http://www.loc.gov/MARC21/slim" xmlns:cinclude="http://apache.org/cocoon/include/1.0" xmlns:zs="http://www.loc.gov/zing/srw/">
  <leader>00492nz  a2200133n  4500</leader>
  <controlfield tag="001">no2010152884</controlfield>
  <controlfield tag="003">DLC</controlfield>
  <controlfield tag="005">20100923075209.0</controlfield>
  <controlfield tag="008">100921n| acannaabn          |n aaa     c</controlfield>
  <datafield tag="010" ind1=" " ind2=" ">
    <subfield code="a">no2010152884</subfield>
  </datafield>
  <datafield tag="035" ind1=" " ind2=" ">
    <subfield code="a">(OCoLC)oca08629987</subfield>
  </datafield>
  <datafield tag="040" ind1=" " ind2=" ">
    <subfield code="a">ItFiC</subfield>
    <subfield code="b">eng</subfield>
    <subfield code="c">ItFiC</subfield>
  </datafield>
  <datafield tag="100" ind1="1" ind2=" ">
    <subfield code="a">Bougleux, Elena</subfield>
  </datafield>
  <datafield tag="670" ind1=" " ind2=" ">
    <subfield code="a">Percorsi creativi e compresenze immaginarie, 2009:</subfield>
    <subfield code="b">t.p. (Elena Bougleaux) p. 259 (Ph.D. in astrophysics; interested in critica epistemologica and trasformazioni culturali della contemporaneitaĚ)</subfield>
  </datafield>
</record>